<record><leader>00000cas a2200000 i 4500</leader><controlfield tag="001">7794485</controlfield><controlfield tag="008">810925d18271830pauwr pe      0   a0eng c</controlfield><datafield ind1=" " ind2=" " tag="010"><subfield code="a">sn 91063205 </subfield></datafield><datafield ind1=" " ind2=" " tag="040"><subfield code="a">NYG</subfield><subfield code="b">eng</subfield><subfield code="e">rda</subfield><subfield code="c">NYG</subfield><subfield code="d">DLC</subfield><subfield code="d">NVH</subfield><subfield code="d">KNP</subfield><subfield code="d">OCL</subfield><subfield code="d">GUA</subfield><subfield code="d">DLC</subfield><subfield code="d">OCLCF</subfield><subfield code="d">OCLCO</subfield><subfield code="d">NDD</subfield><subfield code="d">OCLCA</subfield></datafield><datafield ind1=" " ind2=" " tag="019"><subfield code="a">39942686</subfield><subfield code="a">41005581</subfield></datafield><datafield ind1=" " ind2=" " tag="042"><subfield code="a">msc</subfield></datafield><datafield ind1=" " ind2=" " tag="092"><subfield code="a">051</subfield><subfield code="b">qP54</subfield></datafield><datafield ind1="0" ind2="0" tag="245"><subfield code="a">Philadelphia Album and Ladies' Literary Gazette.</subfield></datafield><datafield ind1="0" ind2="3" tag="246"><subfield code="a">Philadelphia Album</subfield></datafield><datafield ind1="3" ind2=" " tag="246"><subfield code="a">Ladies' Literary Gazette</subfield></datafield><datafield ind1=" " ind2="1" tag="264"><subfield code="a">Philadelphia :</subfield><subfield code="b">Jesper Harding,</subfield><subfield code="c">1827-1830.</subfield></datafield><datafield ind1=" " ind2=" " tag="300"><subfield code="a">volumes ;</subfield><subfield code="c">36 cm</subfield></datafield><datafield ind1=" " ind2=" " tag="310"><subfield code="a">Weekly</subfield></datafield><datafield ind1=" " ind2=" " tag="336"><subfield code="a">text</subfield><subfield code="b">txt</subfield><subfield code="2">rdacontent</subfield></datafield><datafield ind1=" " ind2=" " tag="337"><subfield code="a">unmediated</subfield><subfield code="b">n</subfield><subfield code="2">rdamedia</subfield></datafield><datafield ind1=" " ind2=" " tag="338"><subfield code="a">volume</subfield><subfield code="b">nc</subfield><subfield code="2">rdacarrier</subfield></datafield><datafield ind1="1" ind2=" " tag="362"><subfield code="a">Began with: Vol. 2, no. 1 (June 6, 1827); ceased with: V. 4, no. 27 (July 3, 1830).</subfield></datafield><datafield ind1=" " ind2=" " tag="588"><subfield code="a">Description based on: Vol. 2, no. 1 (June 6, 1827).</subfield></datafield><datafield ind1=" " ind2=" " tag="588"><subfield code="a">Latest issue consulted: Vol. 4, no. 8 (February 20, 1830).</subfield></datafield><datafield ind1=" " ind2=" " tag="530"><subfield code="a">Also available on microfilm and online.</subfield></datafield><datafield ind1=" " ind2="0" tag="651"><subfield code="a">Philadelphia (Pa.)</subfield><subfield code="v">Periodicals.</subfield></datafield><datafield ind1=" " ind2="0" tag="650"><subfield code="a">Women</subfield><subfield code="z">United States</subfield><subfield code="v">Periodicals.</subfield></datafield><datafield ind1=" " ind2="0" tag="650"><subfield code="a">American literature</subfield><subfield code="x">Women</subfield><subfield code="y">19th century</subfield><subfield code="v">Periodicals.</subfield></datafield><datafield ind1=" " ind2="7" tag="651"><subfield code="a">Pennsylvania</subfield><subfield code="z">Philadelphia.</subfield><subfield code="2">fast</subfield><subfield code="0">(OCoLC)fst01204170</subfield></datafield><datafield ind1=" " ind2="7" tag="655"><subfield code="a">Newspapers.</subfield><subfield code="2">fast</subfield><subfield code="0">(OCoLC)fst01423814</subfield></datafield><datafield ind1="1" ind2=" " tag="700"><subfield code="a">Morris, Robert,</subfield><subfield code="d">1809-1874,</subfield><subfield code="e">editor.</subfield></datafield><datafield ind1="1" ind2=" " tag="700"><subfield code="a">Harding, Jesper,</subfield><subfield code="d">1799-1865,</subfield><subfield code="e">publisher.</subfield></datafield><datafield ind1="1" ind2=" " tag="776"><subfield code="t">Philadelphia album, and ladies' literary gazette</subfield><subfield code="w">(DLC)sf 89091735</subfield><subfield code="w">(OCoLC)10188301</subfield></datafield><datafield ind1="1" ind2=" " tag="776"><subfield code="t">Philadelphia album, and ladies' literary gazette (Online)</subfield><subfield code="w">(DLC)  2008233278</subfield><subfield code="w">(OCoLC)71153912</subfield></datafield><datafield ind1="0" ind2="8" tag="776"><subfield code="i">Online version:</subfield><subfield code="t">Philadelphia album and ladies' literary gazette</subfield><subfield code="w">(OCoLC)820751232</subfield></datafield><datafield ind1="0" ind2="0" tag="780"><subfield code="t">Album, and ladies' weekly gazette</subfield><subfield code="x">2154-8609</subfield><subfield code="w">(DLC)  2010204430</subfield><subfield code="w">(OCoLC)7794492</subfield></datafield><datafield ind1="0" ind2="0" tag="785"><subfield code="t">Philadelphia album and ladies' literary port folio</subfield><subfield code="w">(DLC)sn 97066546</subfield><subfield code="w">(OCoLC)7794497</subfield></datafield><datafield ind1="4" ind2="1" tag="856"><subfield code="u">http://proquest.umi.com/pqdweb</subfield></datafield></record>